@thesis{Stone2007,
   author = {J.C. Stone},
   institution = {Texas A\&M},
   title = {Adaptive discrete-ordinates algorithms and strategies},
   year = {2007},
}
@book{Lewis,
   author = {E.E. Lewis and W.F. Miller},
   publisher = {Wiley-Interscience},
   title = {Computational methods of neutron transport},
   year = {1984},
}
@book{Hebert,
   author = {A. HÃ©bert},
   publisher = {Presses inter Polytechnique},
   title = {Applied Reactor Physics},
   year = {2009},
}
@report{Lathrop,
   author = {K.D. Lathrop and B.G. Carlson},
   institution = {Los Alamos Scientific Lab.},
   title = {Discrete ordinates angular quadrature of the neutron transport equation},
   year = {1964},
}